@book{bishop2006pattern,
  title={Pattern recognition and machine learning},
  author={Bishop, Christopher M},
  year={2006},
  publisher={springer}
}

@article{fukunaga1990statistical,
  title={Statistical pattern recognition},
  author={FUKUNAGA, Reinosuke},
  year={1990},
  publisher={World Scientific}
}
